@inproceedings{ezzeddine2024differential,
  title={Differential Privacy for Anomaly Detection: Analyzing the Trade-Off Between Privacy and Explainability},
  author={Ezzeddine, Fatima and Saad, Mirna and Ayoub, Omran and Andreoletti, Davide and Gjoreski, Martin and Sbeity, Ihab and Langheinrich, Marc and Giordano, Silvia},
  booktitle={World Conference on Explainable Artificial Intelligence},
  pages={294--318},
  year={2024},
  organization={Springer}
}

@article{saifullah2022privacy,
  title={Privacy meets explainability: A comprehensive impact benchmark},
  author={Saifullah, Saifullah and Mercier, Dominique and Lucieri, Adriano and Dengel, Andreas and Ahmed, Sheraz},
  journal={arXiv preprint arXiv:2211.04110},
  year={2022}
}

@article{perrault2024artificial,
  title={Artificial intelligence index report 2024},
  author={Perrault, Ray and Clark, Jack},
  year={2024},
  publisher={< bound method Organization. get\_name\_with\_acronym of< Organization~â€¦}
}

@inproceedings{dwork2006calibrating,
  title={Calibrating noise to sensitivity in private data analysis},
  author={Dwork, Cynthia and McSherry, Frank and Nissim, Kobbi and Smith, Adam},
  booktitle={Theory of Cryptography: Third Theory of Cryptography Conference, TCC 2006, New York, NY, USA, March 4-7, 2006. Proceedings 3},
  pages={265--284},
  year={2006},
  organization={Springer}
}

@inproceedings{abadi2016deep,
  title={Deep learning with differential privacy},
  author={Abadi, Martin and Chu, Andy and Goodfellow, Ian and McMahan, H Brendan and Mironov, Ilya and Talwar, Kunal and Zhang, Li},
  booktitle={Proceedings of the 2016 ACM SIGSAC conference on computer and communications security},
  pages={308--318},
  year={2016}
}

@article{papernot2016semi,
  title={Semi-supervised knowledge transfer for deep learning from private training data},
  author={Papernot, Nicolas and Abadi, Mart{\'\i}n and Erlingsson, Ulfar and Goodfellow, Ian and Talwar, Kunal},
  journal={arXiv preprint arXiv:1610.05755},
  year={2016}
}

@article{wasserman2010statistical,
  title={A statistical framework for differential privacy},
  author={Wasserman, Larry and Zhou, Shuheng},
  journal={Journal of the American Statistical Association},
  volume={105},
  number={489},
  pages={375--389},
  year={2010},
  publisher={Taylor \& Francis}
}

@article{steinberger2024efficiency,
  title={Efficiency in local differential privacy},
  author={Steinberger, Lukas},
  journal={The Annals of Statistics},
  volume={52},
  number={5},
  pages={2139--2166},
  year={2024},
  publisher={Institute of Mathematical Statistics}
}

@inproceedings{mcsherry2009privacy,
  title={Privacy integrated queries: an extensible platform for privacy-preserving data analysis},
  author={McSherry, Frank D},
  booktitle={Proceedings of the 2009 ACM SIGMOD International Conference on Management of data},
  pages={19--30},
  year={2009}
}

@misc{noor2024survey,
      title={A Survey on State-of-the-art Deep Learning Applications and Challenges}, 
      author={Mohd Halim Mohd Noor and Ayokunle Olalekan Ige},
      year={2024},
      eprint={2403.17561},
      archivePrefix={arXiv},
      primaryClass={cs.LG},
      url={https://arxiv.org/abs/2403.17561}, 
}

@article{shamshirband2021review,
  title={A review on deep learning approaches in healthcare systems: Taxonomies, challenges, and open issues},
  author={Shamshirband, Shahab and Fathi, Mahdis and Dehzangi, Abdollah and Chronopoulos, Anthony Theodore and Alinejad-Rokny, Hamid},
  journal={Journal of Biomedical Informatics},
  volume={113},
  pages={103627},
  year={2021},
  publisher={Elsevier}
}

@article{minaee2023biometrics,
  title={Biometrics recognition using deep learning: A survey},
  author={Minaee, Shervin and Abdolrashidi, Amirali and Su, Hang and Bennamoun, Mohammed and Zhang, David},
  journal={Artificial Intelligence Review},
  volume={56},
  number={8},
  pages={8647--8695},
  year={2023},
  publisher={Springer}
}

@article{dixit2021deep,
  title={Deep learning algorithms for cybersecurity applications: A technological and status review},
  author={Dixit, Priyanka and Silakari, Sanjay},
  journal={Computer Science Review},
  volume={39},
  pages={100317},
  year={2021},
  publisher={Elsevier}
}

@article{yang2023survey,
  title={Survey on explainable AI: From approaches, limitations and applications aspects},
  author={Yang, Wenli and Wei, Yuchen and Wei, Hanyu and Chen, Yanyu and Huang, Guan and Li, Xiang and Li, Renjie and Yao, Naimeng and Wang, Xinyi and Gu, Xiaotong and others},
  journal={Human-Centric Intelligent Systems},
  volume={3},
  number={3},
  pages={161--188},
  year={2023},
  publisher={Springer}
}

@article{pang2021deep,
  title={Deep learning for anomaly detection: A review},
  author={Pang, Guansong and Shen, Chunhua and Cao, Longbing and Hengel, Anton Van Den},
  journal={ACM computing surveys (CSUR)},
  volume={54},
  number={2},
  pages={1--38},
  year={2021},
  publisher={ACM New York, NY, USA}
}

@article{du2019robust,
  title={Robust anomaly detection and backdoor attack detection via differential privacy},
  author={Du, Min and Jia, Ruoxi and Song, Dawn},
  journal={arXiv preprint arXiv:1911.07116},
  year={2019}
}

@inproceedings{fan2013differentially,
  title={Differentially private anomaly detection with a case study on epidemic outbreak detection},
  author={Fan, Liyue and Xiong, Li},
  booktitle={2013 IEEE 13th International Conference on Data Mining Workshops},
  pages={833--840},
  year={2013},
  organization={IEEE}
}

@inproceedings{wang2018privacy,
  title={Privacy preserving distributed deep learning and its application in credit card fraud detection},
  author={Wang, Yang and Adams, Stephen and Beling, Peter and Greenspan, Steven and Rajagopalan, Sridhar and Velez-Rojas, Maria and Mankovski, Serge and Boker, Steven and Brown, Donald},
  booktitle={2018 17th IEEE International Conference On Trust, Security And Privacy In Computing And Communications/12th IEEE International Conference On Big Data Science And Engineering (TrustCom/BigDataSE)},
  pages={1070--1078},
  year={2018},
  organization={IEEE}
}

@inproceedings{wu2020value,
  title={The value of collaboration in convex machine learning with differential privacy},
  author={Wu, Nan and Farokhi, Farhad and Smith, David and Kaafar, Mohamed Ali},
  booktitle={2020 IEEE Symposium on Security and Privacy (SP)},
  pages={304--317},
  year={2020},
  organization={IEEE}
}

@inproceedings{arous2023exploring,
  title={Exploring machine learning privacy/utility trade-off from a hyperparameters lens},
  author={Arous, Ayoub and Guesmi, Amira and Hanif, Muhammad Abdullah and Alouani, Ihsen and Shafique, Muhammad},
  booktitle={2023 International Joint Conference on Neural Networks (IJCNN)},
  pages={01--10},
  year={2023},
  organization={IEEE}
}

@article{naidu2021differential,
  title={When differential privacy meets interpretability: A case study},
  author={Naidu, Rakshit and Priyanshu, Aman and Kumar, Aadith and Kotti, Sasikanth and Wang, Haofan and Mireshghallah, Fatemehsadat},
  journal={arXiv preprint arXiv:2106.13203},
  year={2021}
}

@article{li2023survey,
  title={A survey on explainable anomaly detection},
  author={Li, Zhong and Zhu, Yuxuan and Van Leeuwen, Matthijs},
  journal={ACM Transactions on Knowledge Discovery from Data},
  volume={18},
  number={1},
  pages={1--54},
  year={2023},
  publisher={ACM New York, NY}
}

@article{panjei2022survey,
  title={A survey on outlier explanations},
  author={Panjei, Egawati and Gruenwald, Le and Leal, Eleazar and Nguyen, Christopher and Silvia, Shejuti},
  journal={The VLDB Journal},
  volume={31},
  number={5},
  pages={977--1008},
  year={2022},
  publisher={Springer}
}

@inproceedings{giurgiu2019additive,
  title={Additive explanations for anomalies detected from multivariate temporal data},
  author={Giurgiu, Ioana and Schumann, Anika},
  booktitle={Proceedings of the 28th acm international conference on information and knowledge management},
  pages={2245--2248},
  year={2019}
}

@inproceedings{chawla2020interpretable,
  title={Interpretable unsupervised anomaly detection for RAN cell trace analysis},
  author={Chawla, Ashima and Jacob, Paul and Feghhi, Saman and Rughwani, Devashish and van der Meer, Sven and Fallon, Sheila},
  booktitle={2020 16th International Conference on Network and Service Management (CNSM)},
  pages={1--5},
  year={2020},
  organization={IEEE}
}

@article{serradilla2021adaptable,
  title={Adaptable and explainable predictive maintenance: Semi-supervised deep learning for anomaly detection and diagnosis in press machine data},
  author={Serradilla, Oscar and Zugasti, Ekhi and Ramirez de Okariz, Julian and Rodriguez, Jon and Zurutuza, Urko},
  journal={Applied Sciences},
  volume={11},
  number={16},
  pages={7376},
  year={2021},
  publisher={MDPI}
}

@article{roshan2021utilizing,
  title={Utilizing XAI technique to improve autoencoder based model for computer network anomaly detection with shapley additive explanation (SHAP)},
  author={Roshan, Khushnaseeb and Zafar, Aasim},
  journal={arXiv preprint arXiv:2112.08442},
  year={2021}
}

@article{wu2022explainable,
  title={An explainable and efficient deep learning framework for video anomaly detection},
  author={Wu, Chongke and Shao, Sicong and Tunc, Cihan and Satam, Pratik and Hariri, Salim},
  journal={Cluster computing},
  pages={1--23},
  year={2022},
  publisher={Springer}
}

@article{kurt2022online,
  title={Online privacy-preserving data-driven network anomaly detection},
  author={Kurt, Mehmet Necip and Y{\i}lmaz, Yasin and Wang, Xiaodong and Mosterman, Pieter J},
  journal={IEEE Journal on Selected Areas in Communications},
  volume={40},
  number={3},
  pages={982--998},
  year={2022},
  publisher={IEEE}
}

@inproceedings{giraldo2020adversarial,
  title={Adversarial classification under differential privacy},
  author={Giraldo, Jairo and Cardenas, Alvaro and Kantarcioglu, Murat and Katz, Jonathan},
  booktitle={Network and Distributed Systems Security (NDSS) Symposium 2020},
  year={2020}
}

@inproceedings{okada2015differentially,
  title={Differentially private analysis of outliers},
  author={Okada, Rina and Fukuchi, Kazuto and Sakuma, Jun},
  booktitle={Machine Learning and Knowledge Discovery in Databases: European Conference, ECML PKDD 2015, Porto, Portugal, September 7-11, 2015, Proceedings, Part II 15},
  pages={458--473},
  year={2015},
  organization={Springer}
}

@inproceedings{jayaraman2019evaluating,
  title={Evaluating differentially private machine learning in practice},
  author={Jayaraman, Bargav and Evans, David},
  booktitle={28th USENIX Security Symposium (USENIX Security 19)},
  pages={1895--1912},
  year={2019}
}

@article{bozorgpanah2022privacy,
  title={Privacy and explainability: The effects of data protection on Shapley values},
  author={Bozorgpanah, Aso and Torra, Vicen{\c{c}} and Aliahmadipour, Laya},
  journal={Technologies},
  volume={10},
  number={6},
  pages={125},
  year={2022},
  publisher={MDPI}
}

@inproceedings{harder2020interpretable,
  title={Interpretable and differentially private predictions},
  author={Harder, Frederik and Bauer, Matthias and Park, Mijung},
  booktitle={Proceedings of the AAAI Conference on Artificial Intelligence},
  volume={34},
  number={04},
  pages={4083--4090},
  year={2020}
}

@inproceedings{zhao2020not,
  title={Not one but many tradeoffs: Privacy vs. utility in differentially private machine learning},
  author={Zhao, Benjamin Zi Hao and Kaafar, Mohamed Ali and Kourtellis, Nicolas},
  booktitle={Proceedings of the 2020 ACM SIGSAC Conference on Cloud Computing Security Workshop},
  pages={15--26},
  year={2020}
}

@article{jetchev2023xorshap,
  title={XorSHAP: privacy-preserving explainable AI for decision tree models},
  author={Jetchev, Dimitar and Vuille, Marius},
  journal={Cryptology ePrint Archive},
  year={2023}
}

@article{bozorgpanah2024explainable,
  title={Explainable machine learning models with privacy},
  author={Bozorgpanah, Aso and Torra, Vicen{\c{c}}},
  journal={Progress in Artificial Intelligence},
  volume={13},
  number={1},
  pages={31--50},
  year={2024},
  publisher={Springer}
}

@inproceedings{patel2022model,
  title={Model explanations with differential privacy},
  author={Patel, Neel and Shokri, Reza and Zick, Yair},
  booktitle={Proceedings of the 2022 ACM Conference on Fairness, Accountability, and Transparency},
  pages={1895--1904},
  year={2022}
}

@inproceedings{nguyen2023xrand,
  title={XRand: differentially private defense against explanation-guided attacks},
  author={Nguyen, Truc and Lai, Phung and Phan, Hai and Thai, My T},
  booktitle={Proceedings of the AAAI Conference on Artificial Intelligence},
  volume={37},
  number={10},
  pages={11873--11881},
  year={2023}
}

@article{dwork2014algorithmic,
  title={The algorithmic foundations of differential privacy},
  author={Dwork, Cynthia and Roth, Aaron and others},
  journal={Foundations and Trends{\textregistered} in Theoretical Computer Science},
  volume={9},
  number={3--4},
  pages={211--407},
  year={2014},
  publisher={Now Publishers, Inc.}
}

@inproceedings{sakurada2014anomaly,
  title={Anomaly detection using autoencoders with nonlinear dimensionality reduction},
  author={Sakurada, Mayu and Yairi, Takehisa},
  booktitle={Proceedings of the MLSDA 2014 2nd workshop on machine learning for sensory data analysis},
  pages={4--11},
  year={2014}
}

@article{hinton2006reducing,
  title={Reducing the dimensionality of data with neural networks},
  author={Hinton, Geoffrey E and Salakhutdinov, Ruslan R},
  journal={science},
  volume={313},
  number={5786},
  pages={504--507},
  year={2006},
  publisher={American Association for the Advancement of Science}
}

@misc{moro2014bank,
  author       = {Moro, S. and Rita, P. and Cortez, P.},
  title        = {Bank Marketing},
  year         = {2014},
  howpublished = {UCI Machine Learning Repository},
  note         = {DOI: \url{https://doi.org/10.24432/C5K306}}
}

@article{pang2019deep,
  author       = {Guansong Pang and
                  Chunhua Shen and
                  Anton van den Hengel},
  title        = {Deep Anomaly Detection with Deviation Networks},
  journal      = {CoRR},
  volume       = {abs/1911.08623},
  year         = {2019},
  url          = {http://arxiv.org/abs/1911.08623},
  eprinttype    = {arXiv},
  eprint       = {1911.08623},
  timestamp    = {Tue, 03 Dec 2019 14:15:54 +0100},
  biburl       = {https://dblp.org/rec/journals/corr/abs-1911-08623.bib},
  bibsource    = {dblp computer science bibliography, https://dblp.org}
}

@article{robbins1951stochastic,
  title={A stochastic approximation method},
  author={Robbins, Herbert and Monro, Sutton},
  journal={The Annals of Mathematical Statistics},
  volume={22},
  number={3},
  pages={400--407},
  year={1951},
  publisher={Institute of Mathematical Statistics}
}

@article{lecun1998gradient,
  title={Gradient-based learning applied to document recognition},
  author={LeCun, Yann and Bottou, L{\'e}on and Bengio, Yoshua and Haffner, Patrick},
  journal={Proceedings of the IEEE},
  volume={86},
  number={11},
  pages={2278--2324},
  year={1998},
  publisher={IEEE}
}

@article{sharma2017activation,
  title={Activation functions in neural networks},
  author={Sharma, Sagar and Sharma, Simone and Athaiya, Anidhya},
  journal={Towards Data Sci},
  volume={6},
  number={12},
  pages={310--316},
  year={2017}
}

@article{wu2019hyperparameter,
  title={Hyperparameter optimization for machine learning models based on Bayesian optimization},
  author={Wu, Jia and Chen, Xiu-Yun and Zhang, Hao and Xiong, Li-Dong and Lei, Hang and Deng, Si-Hao},
  journal={Journal of Electronic Science and Technology},
  volume={17},
  number={1},
  pages={26--40},
  year={2019},
  publisher={Elsevier}
}

@INPROCEEDINGS{mironov2017renyi,
  author={Mironov, Ilya},
  booktitle={2017 IEEE 30th Computer Security Foundations Symposium (CSF)}, 
  title={RÃ©nyi Differential Privacy}, 
  year={2017},
  volume={},
  number={},
  pages={263-275},
  keywords={Privacy;Standards;Tools;Databases;Additives;Computer security;Google;differential privacy;renyi divergence},
  doi={10.1109/CSF.2017.11}}

@inproceedings{wang2019subsampled,
  title={Subsampled r{\'e}nyi differential privacy and analytical moments accountant},
  author={Wang, Yu-Xiang and Balle, Borja and Kasiviswanathan, Shiva Prasad},
  booktitle={The 22nd international conference on artificial intelligence and statistics},
  pages={1226--1235},
  year={2019},
  organization={PMLR}
}

@article{lu2022differentially,
  title={A differentially private framework for deep learning with convexified loss functions},
  author={Lu, Zhigang and Asghar, Hassan Jameel and Kaafar, Mohamed Ali and Webb, Darren and Dickinson, Peter},
  journal={IEEE Transactions on Information Forensics and Security},
  volume={17},
  pages={2151--2165},
  year={2022},
  publisher={IEEE}
}

@article{bun2016concentrated,
  author       = {Mark Bun and
                  Thomas Steinke},
  title        = {Concentrated Differential Privacy: Simplifications, Extensions, and
                  Lower Bounds},
  journal      = {CoRR},
  volume       = {abs/1605.02065},
  year         = {2016},
  url          = {http://arxiv.org/abs/1605.02065},
  eprinttype    = {arXiv},
  eprint       = {1605.02065},
  timestamp    = {Sun, 14 Mar 2021 11:53:06 +0100},
  biburl       = {https://dblp.org/rec/journals/corr/BunS16.bib},
  bibsource    = {dblp computer science bibliography, https://dblp.org}
}